@article{cite2024example,
  title = {Sample Research Article Title},
  author = {山田太郎 and 田中花子},
  journal = {Journal of Technology Research},
  volume = {15},
  number = {3},
  pages = {45--62},
  year = {2024},
  doi = {10.1000/j.example.2024.001},
  url = {https://example.com/articles/2024/sample-research},
  urldate = {2024-12-15},
  language = {japanese}
}

@report{government2024report,
  title = {デジタル変革に関する政府統計報告書},
  author = {{内閣府}},
  institution = {内閣府デジタル庁},
  year = {2024},
  type = {政府統計},
  url = {https://www.digital.go.jp/reports/2024/digital-transformation},
  urldate = {2024-12-15},
  language = {japanese}
}

@techreport{research2024analysis,
  title = {AI技術導入による生産性向上に関する分析},
  author = {佐藤一郎 and 鈴木次郎},
  institution = {産業技術総合研究所},
  year = {2024},
  number = {AIST-2024-001},
  url = {https://www.aist.go.jp/reports/2024/ai-productivity-analysis},
  urldate = {2024-12-15},
  language = {japanese}
}

@standard{industry2024standard,
  title = {ソフトウェア品質管理標準 JIS X 25010:2024},
  author = {{日本産業標準調査会}},
  organization = {日本産業標準調査会},
  year = {2024},
  type = {産業標準},
  url = {https://www.jisc.go.jp/standards/2024/software-quality},
  urldate = {2024-12-15},
  language = {japanese}
}

@article{technical2024perspective,
  title = {クラウドネイティブアーキテクチャの技術動向},
  author = {高橋三郎 and 伊藤四郎},
  journal = {情報処理学会論文誌},
  volume = {65},
  number = {4},
  pages = {234--251},
  year = {2024},
  doi = {10.2197/ipsj.2024.technical.001},
  url = {https://ipsj.ixsq.nii.ac.jp/ej/?action=pages_view_main&active_action=repository_view_main_item_detail&item_id=001&item_no=1},
  urldate = {2024-12-15},
  language = {japanese}
}

@inproceedings{policy2024analysis,
  title = {データガバナンス政策の国際比較分析},
  author = {中村五郎 and 小林六子},
  booktitle = {第30回日本行政学会年次大会論文集},
  pages = {112--125},
  year = {2024},
  publisher = {日本行政学会},
  address = {東京},
  url = {https://jpas.jp/conference/2024/proceedings/policy-analysis},
  urldate = {2024-12-15},
  language = {japanese}
}

@book{comprehensive2024handbook,
  title = {デジタル社会の法制度ハンドブック},
  author = {法律研究会},
  editor = {弁護士会デジタル委員会},
  publisher = {法律出版社},
  year = {2024},
  edition = {第3版},
  isbn = {978-4-123456-78-9},
  url = {https://legal-publisher.co.jp/books/2024/digital-society-handbook},
  urldate = {2024-12-15},
  language = {japanese}
}

@online{opensource2024trends,
  title = {オープンソースソフトウェア動向調査2024},
  author = {{オープンソース推進協議会}},
  year = {2024},
  url = {https://www.oss.or.jp/surveys/2024/trends-report},
  urldate = {2024-12-15},
  language = {japanese}
}

@misc{whitepaper2024security,
  title = {サイバーセキュリティ白書2024},
  author = {{情報処理推進機構}},
  howpublished = {IPA技術レポート},
  year = {2024},
  url = {https://www.ipa.go.jp/security/whitepaper/2024},
  urldate = {2024-12-15},
  language = {japanese}
}

@dataset{statistics2024digital,
  title = {デジタル化推進統計データセット},
  author = {{総務省統計局}},
  year = {2024},
  publisher = {政府統計の総合窓口（e-Stat）},
  url = {https://www.e-stat.go.jp/datasets/digital-transformation-2024},
  urldate = {2024-12-15},
  language = {japanese}
}